@book{jcab33,
  author = {Jo√£o Carlos Alves Barata},
  year = {2023},
  title = {},
  publisher = {Addison-Wesley Professional}
}
@book{babyrudin,
  title={Principles of Mathematical Analysis},
  author={Walter Rudin},
  series={International series in pure and applied mathematics},
  year={1964},
}
@book{munkres_topology,
  title={Topology},
  author={Munkres, J.R.},
  year={2000},
}
